@article{tandon2020coronavirus,
  title={Coronavirus (COVID-19): ARIMA based time-series analysis to forecast near future},
  author={Tandon, Hiteshi and Ranjan, Prabhat and Chakraborty, Tanmoy and Suhag, Vandana},
  journal={arXiv preprint arXiv:2004.07859},
  year={2020}
}

@article{papastefanopoulos2020covid,
  title={COVID-19: A Comparison of Time Series Methods to Forecast Percentage of Active Cases per Population},
  author={Papastefanopoulos, Vasilis and Linardatos, Pantelis and Kotsiantis, Sotiris},
  journal={Applied Sciences},
  volume={10},
  number={11},
  pages={3880},
  year={2020},
  publisher={Multidisciplinary Digital Publishing Institute}
}
